<?xml version="1.0" encoding="UTF-8"?><collection xmlns="http://www.loc.gov/MARC21/slim"><record><leader>00437nam--2200145-i-4500</leader><controlfield tag="001">000006952</controlfield><controlfield tag="002">20161230</controlfield><controlfield tag="005">20170209171607</controlfield><controlfield tag="008">060222s1000------------r-----000-0-eng-d</controlfield><datafield ind1=" " ind2=" " tag="100"><subfield code="a">Cohen-Tannoudji, Claude</subfield></datafield><datafield ind1=" " ind2=" " tag="245"><subfield code="a">Orientation optique d atomes de sodium en pres ence de gas etranger</subfield></datafield><datafield ind1=" " ind2=" " tag="260"><subfield code="a">Paris</subfield><subfield code="b">La Faculte Des Sciences De L Universite</subfield><subfield code="c">1956</subfield></datafield><datafield ind1=" " ind2=" " tag="300"><subfield code="a">78 p.Fotocopiate</subfield></datafield><datafield ind1=" " ind2=" " tag="490"><subfield code="a">Memoire</subfield></datafield><datafield ind1=" " ind2=" " tag="CAT"><subfield code="a">SYS</subfield><subfield code="c">20170209</subfield><subfield code="h">171607</subfield></datafield></record></collection>